@book{Ambr2010,
  author = {Susan A. Ambrose and Michael W. Bridges and Michele DiPietro and Marsha C. Lovett and Marie K. Norman},
  title = {How Learning Works: Seven Research-Based Principles for Smart Teaching},
  year = {2010},
  publisher = {Jossey-Bass},
  isbn = {0470484101},
  link = {https://isbndb.com/book/0470484101},
  note = {Summarizes what we know about education and why we believe it's true, from cognitive psychology to social factors.}
}

@article{Atki2000,
  author = {Robert K. Atkinson and Sharon J. Derry and Alexander Renkl and Donald Wortham},
  title = {Learning from Examples: Instructional Principles from the Worked Examples Research},
  journal = {Review of Educational Research},
  volume = {70},
  number = {2},
  pages = {181--214},
  year = {2000},
  month = {Jun},
  publisher = {American Educational Research Association ({AERA})},
  doi = {10.3102/00346543070002181},
  link = {https://doi.org/10.3102/00346543070002181},
  local = {atkinson-2000-learning-examples.pdf},
  note = {A comprehensive survey of worked examples research at the time.}
}

@inproceedings{Bark2015,
  author = {Lecia Barker and Christopher Lynnly Hovey and Jane Gruning},
  title = {What Influences {CS} Faculty to Adopt Teaching Practices?},
  booktitle = {Proc.\ 2015 Technical Symposium on Computer Science Education ({SIGCSE'15})},
  year = {2015},
  publisher = {Association for Computing Machinery ({ACM})},
  doi = {10.1145/2676723.2677282},
  link = {https://doi.org/10.1145/2676723.2677282},
  local = {barker-2015-practice-adoption.pdf},
  note = {Describes how computer science educators adopt new teaching practices.}
}

@article{Baue2015,
  author = {Mark S. Bauer and Laura Damschroder and Hildi Hagedorn and Jeffrey Smith and Amy M. Kilbourne},
  title = {An Introduction to Implementation Science for the Non-Specialist},
  journal = {{BMC} Psychology},
  volume = {3},
  number = {1},
  year = {2015},
  month = {Sep},
  publisher = {Springer Nature},
  doi = {10.1186/s40359-015-0089-9},
  link = {https://doi.org/10.1186/s40359-015-0089-9},
  local = {bauer-2015-implementation-science.pdf},
  note = {Explains what implementation science is, using examples from the US Veterans Administration to illustrate.}
}

@article{Beck2014,
  author = {Victoria Beck},
  title = {Testing a Model to Predict Online Cheating---Much Ado About Nothing},
  journal = {Active Learning in Higher Education},
  volume = {15},
  number = {1},
  pages = {65--75},
  year = {2014},
  month = {Jan},
  publisher = {{SAGE} Publications},
  doi = {10.1177/1469787413514646},
  link = {https://doi.org/10.1177/1469787413514646},
  local = {beck-2014-online-cheating.pdf},
  note = {Reports that cheating is no more likely in online courses than in face-to-face courses.}
}

@book{Bigg2011,
  author = {John Biggs and Catherine Tang},
  title = {Teaching for Quality Learning at University},
  year = {2011},
  publisher = {Open University Press},
  isbn = {0335242758},
  link = {https://isbndb.com/book/0335242758},
  note = {A step-by-step guide to lesson development, delivery, and evaluation for people working in higher education.}
}

@article{Bloo1984,
  author = {Benjamin S. Bloom},
  title = {The 2 Sigma Problem: The Search for Methods of Group Instruction as Effective as One-to-One Tutoring},
  journal = {Educational Researcher},
  volume = {13},
  number = {6},
  pages = {4--16},
  year = {1984},
  month = {Jun},
  doi = {10.3102/0013189x013006004},
  link = {https://doi.org/10.3102/0013189x013006004},
  local = {bloom-1984-two-sigma.pdf},
  note = {Reports that students tutored one-to-one using mastery learning techniques perform two standard deviations better than those who learned through conventional lecture.}
}

@article{Boha2011,
  author = {Mark Bohay and Daniel P. Blakely and Andrea K. Tamplin and Gabriel A. Radvansky},
  title = {Note Taking, Review, Memory, and Comprehension},
  journal = {American Journal of Psychology},
  volume = {124},
  number = {1},
  pages = {63},
  year = {2011},
  publisher = {University of Illinois Press},
  doi = {10.5406/amerjpsyc.124.1.0063},
  link = {https://doi.org/10.5406/amerjpsyc.124.1.0063},
  local = {bohay-2011-note-taking.pdf},
  note = {Reports that note-taking improves retention most at deeper levels of understanding.}
}

@article{Borr2014,
  author = {Maura Borrego and Charles Henderson},
  title = {Increasing the Use of Evidence-Based Teaching in {STEM} Higher Education: A Comparison of Eight Change Strategies},
  journal = {Journal of Engineering Education},
  volume = {103},
  number = {2},
  pages = {220--252},
  year = {2014},
  month = {Apr},
  publisher = {Wiley-Blackwell},
  doi = {10.1002/jee.20040},
  link = {https://doi.org/10.1002/jee.20040},
  local = {borrego-2014-henderson-change-strategies.pdf},
  note = {Categorizes different approaches to effecting change in higher education.}
}

@book{Broo2016,
  author = {Stephen D. Brookfield and Stephen Preskill},
  title = {The Discussion Book: 50 Great Ways to Get People Talking},
  year = {2016},
  publisher = {Jossey-Bass},
  isbn = {9781119049715},
  link = {https://isbndb.com/book/9781119049715},
  note = {Describes fifty different ways to get groups talking productively.}
}

@article{Brop1983,
  author = {Jere E. Brophy},
  title = {Research on the Self-Fulfilling Prophecy and Teacher Expectations},
  journal = {Journal of Educational Psychology},
  volume = {75},
  number = {5},
  pages = {631--661},
  year = {1983},
  publisher = {American Psychological Association ({APA})},
  doi = {10.1037/0022-0663.75.5.631},
  link = {https://doi.org/10.1037/0022-0663.75.5.631},
  local = {brophy-1983-self-fulfilling-prophecy.pdf},
  note = {A early, influential study of the effects of teachers' perceptions on students' achievements.}
}

@article{Brow2018,
  author = {Neil C. C. Brown and Greg Wilson},
  title = {Ten Quick Tips for Teaching Programming},
  journal = {{PLoS} Computational Biology},
  volume = {14},
  number = {4},
  year = {2018},
  month = {April},
  publisher = {Public Library of Science ({PLoS})},
  doi = {10.1371/journal.pcbi.1006023},
  link = {https://doi.org/10.1371/journal.pcbi.1006023},
  local = {brown-2018-teaching-tips.pdf},
  note = {A short summary of what we actually know about teaching programming and why we believe it's true.}
}

@article{Carr2014,
  author = {John Carroll},
  title = {Creating Minimalist Instruction},
  journal = {International Journal of Designs for Learning},
  volume = {5},
  number = {2},
  year = {2014},
  month = {Nov},
  publisher = {IUScholarWorks},
  doi = {10.14434/ijdl.v5i2.12887},
  link = {https://doi.org/10.14434/ijdl.v5i2.12887},
  local = {carroll-2014-creating-minimalist.pdf},
  note = {A look back on the author's work on minimalist instruction.}
}

@article{Chi1989,
  author = {Michelene T. H. Chi and Miriam Bassok and Matthew W. Lewis and Peter Reimann and Robert Glaser},
  title = {Self-Explanations: How Students Study and Use Examples in Learning to Solve Problems},
  journal = {Cognitive Science},
  volume = {13},
  number = {2},
  pages = {145--182},
  year = {1989},
  month = {Apr},
  publisher = {Wiley-Blackwell},
  doi = {10.1207/s15516709cog1302\_1},
  link = {https://doi.org/10.1207/s15516709cog1302\_1},
  local = {chi-1989-self-explanations.pdf},
  note = {A seminal paper on the power of self-explanation.}
}

@article{Crou2001,
  author = {Catherine H. Crouch and Eric Mazur},
  title = {Peer Instruction: Ten Years of Experience and Results},
  journal = {American Journal of Physics},
  volume = {69},
  number = {9},
  pages = {970--977},
  year = {2001},
  month = {Sep},
  publisher = {American Association of Physics Teachers ({AAPT})},
  doi = {10.1119/1.1374249},
  link = {https://doi.org/10.1119/1.1374249},
  local = {crouch-2001-peer-instruction-ten-years.pdf},
  note = {Reports results from the first ten years of peer instruction in undergraduate physics classes, and describes ways in which its implementation changed during that time.}
}

@book{DeBr2015,
  author = {Pedro De Bruyckere and Paul A. Kirschner and Casper D. Hulshof},
  title = {Urban Myths about Learning and Education},
  year = {2015},
  publisher = {Academic Press},
  isbn = {9780128015377},
  link = {https://isbndb.com/book/9780128015377},
  note = {Describes and debunks some widely-held myths about how people learn.}
}

@book{Dida2016,
  author = {David Didau and Nick Rose},
  title = {What Every Teacher Needs to Know About Psychology},
  year = {2016},
  publisher = {John Catt Educational},
  isbn = {1909717851},
  link = {https://isbndb.com/book/1909717851},
  note = {An informative, opinionated explanation of what modern psychology has to say about teaching.}
}

@article{DiSa2014a,
  author = {Betsy DiSalvo and Mark Guzdial and Amy Bruckman and Tom McKlin},
  title = {Saving Face While Geeking Out: Video Game Testing as a Justification for Learning Computer Science},
  journal = {Journal of the Learning Sciences},
  volume = {23},
  number = {3},
  pages = {272--315},
  year = {2014},
  month = {Jul},
  publisher = {Informa {UK} Limited},
  doi = {10.1080/10508406.2014.893434},
  link = {https://doi.org/10.1080/10508406.2014.893434},
  local = {disalvo-2014-video-game-testing.pdf},
  note = {Found that 65\% of male African-American participants in a game testing program went on to study computing.}
}

@inproceedings{DiSa2014b,
  author = {Betsy DiSalvo and Cecili Reid and Parisa Khanipour Roshan},
  title = {They Can't Find Us},
  booktitle = {Proc.\ 2014 Technical Symposium on Computer Science Education ({SIGCSE'14})},
  year = {2014},
  publisher = {Association for Computing Machinery ({ACM})},
  doi = {10.1145/2538862.2538933},
  link = {https://doi.org/10.1145/2538862.2538933},
  local = {disalvo-2014-cant-find-us.pdf},
  note = {Reports that the search terms parents were likely to use for out-of-school CS classes didn't actually find those classes.}
}

@inproceedings{Finc2012,
  author = {Sally Fincher and Brad Richards and Janet Finlay and Helen Sharp and Isobel Falconer},
  title = {Stories of Change: How Educators Change Their Practice},
  booktitle = {Proc.\ 2012 Frontiers in Education Conference ({FIE'12})},
  year = {2012},
  month = {Oct},
  publisher = {Institute of Electrical and Electronics Engineers ({IEEE})},
  doi = {10.1109/fie.2012.6462317},
  link = {https://doi.org/10.1109/fie.2012.6462317},
  local = {fincher-2012-stories-change.pdf},
  note = {A detailed look at how educators actually adopt new teaching practices.}
}

@book{Fink2013,
  author = {L. Dee Fink},
  title = {Creating Significant Learning Experiences: An Integrated Approach to Designing College Courses},
  year = {2013},
  publisher = {Jossey-Bass},
  isbn = {1118124251},
  link = {https://isbndb.com/book/1118124251},
  note = {A step-by-step guide to a systematic lesson design process.}
}

@book{Hend2015,
  author = {Charles Henderson and Ren\'{e}e Cole and Jeff Froyd and Debra Friedrichsen and Raina Khatri and Courtney Stanford},
  title = {Designing Educational Innovations for Sustained Adoption},
  year = {2015},
  publisher = {Increase the Impact},
  isbn = {0996835210},
  link = {https://isbndb.com/book/0996835210},
  note = {A detailed analysis of strategies for getting institutions in higher education to make changes.}
}

@book{Hust2012,
  author = {Therese Huston},
  title = {Teaching What You Don't Know},
  year = {2012},
  publisher = {Harvard University Press},
  isbn = {0674066170},
  link = {https://isbndb.com/book/0674066170},
  note = {A pointed, funny, and very useful exploration of exactly what the title says.}
}

@article{Juss2005,
  author = {Lee Jussim and Kent D. Harber},
  title = {Teacher Expectations and Self-Fulfilling Prophecies: Knowns and Unknowns, Resolved and Unresolved Controversies},
  journal = {Personality and Social Psychology Review},
  volume = {9},
  number = {2},
  pages = {131--155},
  year = {2005},
  month = {May},
  publisher = {{SAGE} Publications},
  doi = {10.1207/s15327957pspr0902\_3},
  link = {https://doi.org/10.1207/s15327957pspr0902\_3},
  local = {jussim-2005-expectations.pdf},
  note = {A survey of the effects of teacher expectations on student outcomes.}
}

@article{Kaly2003,
  author = {Slava Kalyuga and Paul Ayres and Paul Chandler and John Sweller},
  title = {The Expertise Reversal Effect},
  journal = {Educational Psychologist},
  volume = {38},
  number = {1},
  pages = {23--31},
  year = {2003},
  month = {Mar},
  publisher = {Informa {UK} Limited},
  doi = {10.1207/s15326985ep3801\_4},
  link = {https://doi.org/10.1207/s15326985ep3801\_4},
  local = {kalyuga-2003-expertise-reversal.pdf},
  note = {Reports that instructional techniques that work well with inexperienced learners lose their effectiveness or have negative consequences when used with more experienced learners.}
}

@article{Kang2016,
  author = {Sean H. K. Kang},
  title = {Spaced Repetition Promotes Efficient and Effective Learning},
  journal = {Policy Insights from the Behavioral and Brain Sciences},
  volume = {3},
  number = {1},
  pages = {12--19},
  year = {2016},
  month = {Jan},
  publisher = {{SAGE} Publications},
  doi = {10.1177/2372732215624708},
  link = {https://doi.org/10.1177/2372732215624708},
  local = {kang-2016-spaced-repetition.pdf},
  note = {Summarizes research on spaced repetition and what it means for classroom teaching.}
}

@article{Kapu2016,
  author = {Manu Kapur},
  title = {Examining Productive Failure, Productive Success, Unproductive Failure, and Unproductive Success in Learning},
  journal = {Educational Psychologist},
  volume = {51},
  number = {2},
  pages = {289--299},
  year = {2016},
  month = {Apr},
  publisher = {Informa {UK} Limited},
  doi = {10.1080/00461520.2016.1155457},
  link = {https://doi.org/10.1080/00461520.2016.1155457},
  local = {kapur-2016-productive-failure.pdf},
  note = {Looks at productive failure as an alternative to inquiry-based learning and approaches based on cognitive load theory.}
}

@article{Karp2008,
  author = {Jeffrey D. Karpicke and Henry L. Roediger},
  title = {The Critical Importance of Retrieval for Learning},
  journal = {Science},
  volume = {319},
  number = {5865},
  pages = {966--968},
  year = {2008},
  month = {Feb},
  publisher = {American Association for the Advancement of Science ({AAAS})},
  doi = {10.1126/science.1152408},
  link = {https://doi.org/10.1126/science.1152408},
  local = {karpicke-2008-retrieval.pdf},
  note = {Reports that repeated testing improves recall of word lists from 35\% to 80\%, even when learners can still access the material but are not tested on it.}
}

@article{Kirs2006,
  author = {Paul A. Kirschner and John Sweller and Richard E. Clark},
  title = {Why Minimal Guidance During Instruction does not Work: An Analysis of the Failure of Constructivist, Discovery, Problem-Based, Experiential, and Inquiry-Based Teaching},
  journal = {Educational Psychologist},
  volume = {41},
  number = {2},
  pages = {75--86},
  year = {2006},
  month = {Jun},
  publisher = {Informa {UK} Limited},
  doi = {10.1207/s15326985ep4102\_1},
  link = {https://doi.org/10.1207/s15326985ep4102\_1},
  local = {kirschner-2006-minimal-guidance-fails.pdf},
  note = {Argues that inquiry-based learning is less effective for novices than guided instruction.}
}

@article{Kirs2013,
  author = {Paul A. Kirschner and Jeroen J. G. van Merri\"{e}nboer},
  title = {Do Learners Really Know Best? {Urban} Legends in Education},
  journal = {Educational Psychologist},
  volume = {48},
  number = {3},
  pages = {169--183},
  year = {2013},
  month = {Jul},
  publisher = {Informa {UK} Limited},
  doi = {10.1080/00461520.2013.804395},
  link = {https://doi.org/10.1080/00461520.2013.804395},
  local = {kirschner-2013-do-learners-know-best.pdf},
  note = {Argues that three learning myths---digital natives, learning styles, and self-educators---all reflect the mistaken belief that learners know what is best for them, and cautions that we may be in a downward spiral in which every attempt by education researchers to rebut these myths confirms their opponents' belief that learning science is pseudo-science.}
}

@article{Krug1999,
  author = {Justin Kruger and David Dunning},
  title = {Unskilled and Unaware of it: How Difficulties in Recognizing One's Own Incompetence Lead to Inflated Self-Assessments},
  journal = {Journal of Personality and Social Psychology},
  volume = {77},
  number = {6},
  pages = {1121--1134},
  year = {1999},
  publisher = {American Psychological Association ({APA})},
  doi = {10.1037/0022-3514.77.6.1121},
  link = {https://doi.org/10.1037/0022-3514.77.6.1121},
  local = {kruger-1999-unskilled-unaware.pdf},
  note = {The original report on the Dunning-Kruger effect: the less people know, the less accurate their estimate of their knowledge.}
}

@article{Lach2018,
  author = {Michael Lachney},
  title = {Computational Communities: {African-American} Cultural Capital in Computer Science Education},
  journal = {Computer Science Education},
  pages = {1--22},
  year = {2018},
  month = {Feb},
  publisher = {Informa {UK} Limited},
  doi = {10.1080/08993408.2018.1429062},
  link = {https://doi.org/10.1080/08993408.2018.1429062},
  local = {lachney-2018-computational-communities.pdf},
  note = {Explores use of community representation and computational integration to bridge computing and African-American cultural capital in CS education.}
}

@book{Lang2013,
  author = {James M. Lang},
  title = {Cheating Lessons: Learning from Academic Dishonesty},
  year = {2013},
  publisher = {Harvard University Press},
  isbn = {0674724631},
  link = {https://isbndb.com/book/0674724631},
  note = {Explores why students cheat, and how courses often give them incentives to do so.}
}

@book{Lang2016,
  author = {James M. Lang},
  title = {Small Teaching: Everyday Lessons from the Science of Learning},
  year = {2016},
  publisher = {Jossey-Bass},
  isbn = {9781118944493},
  link = {https://isbndb.com/book/9781118944493},
  note = {Presents a selection of accessible evidence-based practices that teachers can adopt when they little time and few resources.}
}

@book{Majo2015,
  author = {Claire Howell Major and Michael S. Harris and Tod Zakrajsek},
  title = {Teaching for Learning: 101 Intentionally Designed Educational Activities to Put Students on the Path to Success},
  year = {2015},
  publisher = {Routledge},
  isbn = {0415699363},
  link = {https://isbndb.com/book/9780415699365},
  note = {Catalogs a hundred different kinds of exercises to do with students.}
}

@book{Mann2015,
  author = {Mary Lynn Manns and Linda Rising},
  title = {Fearless Change: Patterns for Introducing New Ideas},
  year = {2015},
  publisher = {Addison-Wesley},
  isbn = {9780201741575},
  link = {https://isbndb.com/book/9780201741575},
  note = {A catalog of patterns for making change happen in large organizations.}
}

@article{Mark2018,
  author = {Rebecca A. Markovits and Yana Weinstein},
  title = {Can Cognitive Processes Help Explain the Success of Instructional Techniques Recommended by Behavior Analysts?},
  journal = {NPJ Science of Learning},
  volume = {3},
  number = {1},
  year = {2018},
  month = {Jan},
  publisher = {Springer Nature},
  doi = {10.1038/s41539-017-0018-1},
  link = {https://doi.org/10.1038/s41539-017-0018-1},
  local = {markovits-2018-cognitive-process.pdf},
  note = {Points out that behavioralists and cognitive psychologists differ in approach, but wind up making very similar recommendations about how to teach, and gives two specific examples.}
}

@article{Maye2003,
  author = {Richard E. Mayer and Roxana Moreno},
  title = {Nine Ways to Reduce Cognitive Load in Multimedia Learning},
  journal = {Educational Psychologist},
  volume = {38},
  number = {1},
  pages = {43--52},
  year = {2003},
  month = {Mar},
  publisher = {Informa {UK} Limited},
  doi = {10.1207/s15326985ep3801\_6},
  link = {https://doi.org/10.1207/s15326985ep3801\_6},
  local = {mayer-2003-reduce-cognitive-load.pdf},
  note = {Shows how research into how we absorb and process information can be applied to the design of instructional materials.}
}

@book{Maye2009,
  author = {Richard E. Mayer},
  title = {Multimedia Learning},
  edition = {Second},
  year = {2009},
  publisher = {Cambridge University Press},
  isbn = {9780521735353},
  link = {https://isbndb.com/book/9780521735353},
  note = {Presents a cognitive theory of multimedia learning.}
}

@article{Metc2016,
  author = {Janet Metcalfe},
  title = {Learning from Errors},
  journal = {Annual Review of Psychology},
  volume = {68},
  number = {1},
  pages = {465--489},
  year = {2016},
  month = {Jan},
  publisher = {Annual Reviews},
  doi = {10.1146/annurev-psych-010416-044022},
  link = {https://doi.org/10.1146/annurev-psych-010416-044022},
  local = {metcalfe-2016-learning-from-errors.pdf},
  note = {Summarizes work on the hypercorrection effect in learning.}
}

@article{Mill1956,
  author = {George A. Miller},
  title = {The Magical Number Seven, Plus or Minus Two: Some Limits on Our Capacity for Processing Information},
  journal = {Psychological Review},
  volume = {63},
  number = {2},
  pages = {81--97},
  year = {1956},
  publisher = {American Psychological Association ({APA})},
  doi = {10.1037/h0043158},
  link = {https://doi.org/10.1037/h0043158},
  local = {miller-1956-magical-number.pdf},
  note = {The original paper on the limited size of short-term memory.}
}

@article{Miya2018,
  author = {Toshiya Miyatsu and Khuyen Nguyen and Mark A. McDaniel},
  title = {Five Popular Study Strategies: Their Pitfalls and Optimal Implementations},
  journal = {Perspectives on Psychological Science},
  volume = {13},
  number = {3},
  pages = {390--407},
  year = {2018},
  month = {May},
  publisher = {{SAGE} Publications},
  doi = {10.1177/1745691617710510},
  link = {https://doi.org/10.1177/1745691617710510},
  local = {miyatsu-2018-study-strategies.pdf},
  note = {Explains how learners mis-use common study strategies and what they should do instead.}
}

@article{Muel2014,
  author = {Pam A. Mueller and Daniel M. Oppenheimer},
  title = {The Pen is Mightier than the Keyboard},
  journal = {Psychological Science},
  volume = {25},
  number = {6},
  pages = {1159--1168},
  year = {2014},
  month = {Apr},
  publisher = {{SAGE} Publications},
  doi = {10.1177/0956797614524581},
  link = {https://doi.org/10.1177/0956797614524581},
  local = {mueller-2014-note-taking.pdf},
  note = {Presents evidence that taking notes by hand is more effective than taking notes on a laptop.}
}

@book{Nuth2007,
  author = {Graham Nuthall},
  title = {The Hidden Lives of Learners},
  year = {2007},
  publisher = {{NZCER} Press},
  isbn = {1877398241},
  note = {Summarizes a lifetime of work looking at what students actually do in classrooms and how they actually learn.}
}

@inproceedings{Port2016,
  author = {Leo Porter and Dennis Bouvier and Quintin Cutts and Scott Grissom and Cynthia Bailey Lee and Robert McCartney and Daniel Zingaro and Beth Simon},
  title = {A Multi-Institutional Study of Peer Instruction in Introductory Computing},
  booktitle = {Proc.\ 2016 Technical Symposium on Computer Science Education ({SIGCSE'16})},
  year = {2016},
  publisher = {Association for Computing Machinery ({ACM})},
  doi = {10.1145/2839509.2844642},
  link = {https://doi.org/10.1145/2839509.2844642},
  local = {porter-2016-multi-institutional-peer-instruction.pdf},
  note = {Reports that students in introductory programming classes value peer instruction, and that it improves learning outcomes.}
}

@article{Raws2014,
  author = {Katherine A. Rawson and Ruthann C. Thomas and Larry L. Jacoby},
  title = {The Power of Examples: Illustrative Examples Enhance Conceptual Learning of Declarative Concepts},
  journal = {Educational Psychology Review},
  volume = {27},
  number = {3},
  pages = {483--504},
  year = {2014},
  month = {Jun},
  publisher = {Springer Nature},
  doi = {10.1007/s10648-014-9273-3},
  link = {https://doi.org/10.1007/s10648-014-9273-3},
  local = {rawson-2014-power-examples.pdf},
  note = {Reports that presenting examples helps students understand definitions, so long as examples and definitions are interleaved.}
}

@book{Rice2018,
  author = {Gail Taylor Rice},
  title = {Hitting Pause: 65 Lecture Breaks to Refresh and Reinforce Learning},
  year = {2018},
  publisher = {Stylus Publishing},
  isbn = {9781620366530},
  link = {https://isbndb.com/book/9781620366530},
  note = {Justifies and catalogs ways to take a pause in class to help learning.}
}

@article{Rohrer2015,
  author = {Doug Rohrer and Robert F. Dedrick and Sandra Stershic},
  title = {Interleaved Practice Improves Mathematics Learning},
  journal = {Journal of Educational Psychology},
  volume = {107},
  number = {3},
  pages = {900--908},
  year = {2015},
  publisher = {American Psychological Association ({APA})},
  doi = {10.1037/edu0000001},
  link = {https://doi.org/10.1037/edu0000001},
  local = {rohrer-2015-interleaved-practice.pdf},
  note = {Reports that interleaved practice is more effective than monotonous practice when learning.}
}

@article{Smit2009,
  author = {Michelle K. Smith and William B. Wood and Wendy K. Adams and Carl E. Wieman and Jennifer K. Knight and N. Guild and T. T. Su},
  title = {Why Peer Discussion Improves Student Performance on In-class Concept Questions},
  journal = {Science},
  volume = {323},
  number = {5910},
  pages = {122--124},
  year = {2009},
  month = {Jan},
  publisher = {American Association for the Advancement of Science ({AAAS})},
  doi = {10.1126/science.1165919},
  link = {https://doi.org/10.1126/science.1165919},
  local = {smith-2009-peer-discussion-improves.pdf},
  note = {Reports that student understanding increases during discussion in peer instruction, even when none of the students in the group initially know the right answer.}
}

@article{Sond2012,
  author = {Harald S{\o}ndergaard and Raoul A. Mulder},
  title = {Collaborative Learning Through Formative Peer Review: Pedagogy, Programs and Potential},
  journal = {Computer Science Education},
  volume = {22},
  number = {4},
  pages = {343--367},
  year = {2012},
  month = {Dec},
  publisher = {Informa {UK} Limited},
  doi = {10.1080/08993408.2012.728041},
  link = {https://doi.org/10.1080/08993408.2012.728041},
  local = {sondergaard-2012-formative-peer-review.pdf},
  note = {Surveys literature on student peer assessment, distinguishing grading and reviewing as separate forms, and summarizes features a good peer review system needs to have.}
}

@article{Star2014,
  author = {Philip Stark and Richard Freishtat},
  title = {An Evaluation of Course Evaluations},
  journal = {{ScienceOpen} Research},
  year = {2014},
  month = {Sep},
  publisher = {ScienceOpen},
  doi = {10.14293/s2199-1006.1.sor-edu.aofrqa.v1},
  link = {https://doi.org/10.14293/s2199-1006.1.sor-edu.aofrqa.v1},
  local = {stark-2014-evaluating-evaluations.pdf},
  note = {Yet another demonstration that teaching evaluations don't correlate with learning outcomes, and that they are frequently statistically suspect.}
}

@article{Sung2012,
  author = {Eunmo Sung and Richard E. Mayer},
  title = {When Graphics Improve Liking but not Learning from Online Lessons},
  journal = {Computers in Human Behavior},
  volume = {28},
  number = {5},
  pages = {1618--1625},
  year = {2012},
  month = {Sep},
  publisher = {Elsevier},
  doi = {10.1016/j.chb.2012.03.026},
  link = {https://doi.org/10.1016/j.chb.2012.03.026},
  local = {sung-2012-graphics-learning.pdf},
  note = {Reports that students who receive any kind of graphics give significantly higher satisfaction ratings than those who don't, but only students who get instructive graphics perform better than groups that get no graphics, seductive graphics, or decorative graphics.}
}

@article{Wein2018,
  author = {Yana Weinstein and Christopher R. Madan and Megan A. Sumeracki},
  title = {Teaching the Science of Learning},
  journal = {Cognitive Research: Principles and Implications},
  volume = {3},
  number = {1},
  year = {2018},
  month = {Jan},
  publisher = {Springer Nature},
  doi = {10.1186/s41235-017-0087-y},
  link = {https://doi.org/10.1186/s41235-017-0087-y},
  local = {weinstein-2018-teaching-learning.pdf},
  note = {A tutorial review of six evidence-based learning practices.}
}

@misc{Weng2015,
  author = {Etienne Wenger-Trayner and Beverly Wenger-Trayner},
  title = {Communities of Practice: A Brief Introduction},
  year = {2015},
  howpublished = {http://wenger-trayner.com/intro-to-cops/},
  local = {wengertrayner-2015-communities-practice.pdf},
  note = {A brief summary of what communities of practice are and aren't.}
}

@book{Wigg2005,
  author = {Grant Wiggins and Jay McTighe},
  title = {Understanding by Design},
  year = {2005},
  publisher = {Association for Supervision \& Curriculum Development ({ASCD})},
  isbn = {1416600353},
  link = {https://isbndb.com/book/1416600353},
  note = {A lengthy presentation of reverse instructional design.}
}

@article{Wils2007,
  author = {Karen Wilson and James H. Korn},
  title = {Attention During Lectures: Beyond Ten Minutes},
  journal = {Teaching of Psychology},
  volume = {34},
  number = {2},
  pages = {85--89},
  year = {2007},
  month = {Jun},
  publisher = {Informa {UK} Limited},
  doi = {10.1080/00986280701291291},
  link = {https://doi.org/10.1080/00986280701291291},
  local = {wilson-2007-attention.pdf},
  note = {Reports little support for the claim that students only have a 10--15 minute attention span (though there is lots of individual variation).}
}

@book{Wlod2017,
  author = {Raymond J. Wlodkowski and Margery B. Ginsberg},
  title = {Enhancing Adult Motivation to Learn: A Comprehensive Guide for Teaching All Adults},
  year = {2017},
  publisher = {Jossey-Bass},
  isbn = {1119077990},
  link = {https://isbndb.com/book/1119077990},
  note = {The standard reference for understanding adult motivation.}
}
