@comment{AAA}

@book{Ambr2010,
  author = {Susan A. Ambrose and Michael W. Bridges and Michele DiPietro and Marsha C. Lovett and Marie K. Norman},
  title = {How Learning Works: Seven Research-Based Principles for Smart Teaching},
  year = {2010},
  publisher = {Jossey-Bass},
  isbn = {0470484101},
  link = {https://isbndb.com/book/0470484101}
}

@article{Atki2000,
  author = {Robert K. Atkinson and Sharon J. Derry and Alexander Renkl and Donald Wortham},
  title = {Learning from Examples: Instructional Principles from the Worked Examples Research},
  journal = {Review of Educational Research},
  volume = {70},
  number = {2},
  pages = {181--214},
  year = {2000},
  month = {Jun},
  publisher = {American Educational Research Association ({AERA})},
  doi = {10.3102/00346543070002181},
  link = {https://doi.org/10.3102/00346543070002181}
}

@comment{BBB}

@article{Beck2014,
  author = {Victoria Beck},
  title = {Testing a Model to Predict Online Cheating---Much Ado About Nothing},
  journal = {Active Learning in Higher Education},
  volume = {15},
  number = {1},
  pages = {65--75},
  year = {2014},
  month = {Jan},
  publisher = {{SAGE} Publications},
  doi = {10.1177/1469787413514646},
  link = {https://doi.org/10.1177/1469787413514646}
}

@book{Bigg2011,
  author = {John Biggs and Catherine Tang},
  title = {Teaching for Quality Learning at University},
  year = {2011},
  publisher = {Open University Press},
  isbn = {0335242758},
  link = {https://isbndb.com/book/0335242758}
}

@article{Blis2016,
  doi = {10.1371/journal.pcbi.1004668},
  url = {https://doi.org/10.1371/journal.pcbi.1004668},
  year  = {2016},
  month = {Jan},
  publisher = {Public Library of Science ({PLoS})},
  volume = {12},
  number = {1},
  pages = {e1004668},
  author = {John D. Blischak and Emily R. Davenport and Greg Wilson},
  editor = {Francis Ouellette},
  title = {A Quick Introduction to Version Control with Git and {GitHub}},
  journal = {{PLOS} Computational Biology}
}

@book{Broo2016,
  author = {Stephen D. Brookfield and Stephen Preskill},
  title = {The Discussion Book: 50 Great Ways to Get People Talking},
  year = {2016},
  publisher = {Jossey-Bass},
  isbn = {9781119049715},
  link = {https://isbndb.com/book/9781119049715}
}

@article{Brow2018,
  author = {Neil C. C. Brown and Greg Wilson},
  title = {Ten Quick Tips for Teaching Programming},
  journal = {{PLoS} Computational Biology},
  volume = {14},
  number = {4},
  year = {2018},
  month = {Apr},
  publisher = {Public Library of Science ({PLoS})},
  doi = {10.1371/journal.pcbi.1006023},
  link = {https://doi.org/10.1371/journal.pcbi.1006023}
}

@comment{CCC}

@article{Carr2014,
  author = {John Carroll},
  title = {Creating Minimalist Instruction},
  journal = {International Journal of Designs for Learning},
  volume = {5},
  number = {2},
  year = {2014},
  month = {Nov},
  publisher = {IUScholarWorks},
  doi = {10.14434/ijdl.v5i2.12887},
  link = {https://doi.org/10.14434/ijdl.v5i2.12887}
}

@article{Crou2001,
  author = {Catherine H. Crouch and Eric Mazur},
  title = {Peer Instruction: Ten Years of Experience and Results},
  journal = {American Journal of Physics},
  volume = {69},
  number = {9},
  pages = {970--977},
  year = {2001},
  month = {Sep},
  publisher = {American Association of Physics Teachers ({AAPT})},
  doi = {10.1119/1.1374249},
  link = {https://doi.org/10.1119/1.1374249}
}

@comment{DDD}

@book{DeBr2015,
  author = {Pedro De Bruyckere and Paul A. Kirschner and Casper D. Hulshof},
  title = {Urban Myths about Learning and Education},
  year = {2015},
  publisher = {Academic Press},
  isbn = {9780128015377},
  link = {https://isbndb.com/book/9780128015377}
}

@article{Deve2018,
  doi = {10.1371/journal.pcbi.1005963},
  url = {https://doi.org/10.1371/journal.pcbi.1005963},
  year = {2018},
  month = {Mar},
  publisher = {Public Library of Science ({PLoS})},
  volume = {14},
  number = {3},
  author = {Gabriel A. Devenyi and RÃ©mi Emonet and Rayna M. Harris and Kate L. Hertweck and Damien Irving and Ian Milligan and Greg Wilson},
  title = {Ten Simple Rules for Collaborative Lesson Development},
  journal = {{PLOS} Computational Biology}
}

@book{Dida2016,
  author = {David Didau and Nick Rose},
  title = {What Every Teacher Needs to Know About Psychology},
  year = {2016},
  publisher = {John Catt Educational},
  isbn = {1909717851},
  link = {https://isbndb.com/book/1909717851}
}

@comment{EEE}

@comment{FFF}

@book{Fink2013,
  author = {L. Dee Fink},
  title = {Creating Significant Learning Experiences: An Integrated Approach to Designing College Courses},
  year = {2013},
  publisher = {Jossey-Bass},
  isbn = {1118124251},
  link = {https://isbndb.com/book/1118124251}
}

@article{Fyfe2014,
  doi = {10.1007/s10648-014-9249-3},
  url = {https://doi.org/10.1007/s10648-014-9249-3},
  year  = {2014},
  month = {Jan},
  publisher = {Springer Nature},
  volume = {26},
  number = {1},
  pages = {9--25},
  author = {Emily R. Fyfe and Nicole M. McNeil and Ji Y. Son and Robert L. Goldstone},
  title = {Concreteness Fading in Mathematics and Science Instruction: a Systematic Review},
  journal = {Educational Psychology Review}
}

@comment{GGG}

@article{Gold2005,
  doi = {10.1207/s15327809jls1401\_4},
  url = {https://doi.org/10.1207/s15327809jls1401\_4},
  year  = {2005},
  month = {Jan},
  publisher = {Informa {UK} Limited},
  volume = {14},
  number = {1},
  pages = {69--110},
  author = {Robert L. Goldstone and Ji Y. Son},
  title = {The Transfer of Scientific Principles Using Concrete and Idealized Simulations},
  journal = {Journal of the Learning Sciences}
}

@comment{HHH}

@book{Hust2012,
  author = {Therese Huston},
  title = {Teaching What You Don't Know},
  year = {2012},
  publisher = {Harvard University Press},
  isbn = {0674066170},
  link = {https://isbndb.com/book/0674066170}
}

@comment{III}

@comment{JJJ}

@comment{KKK}

@article{Kaly2003,
  author = {Slava Kalyuga and Paul Ayres and Paul Chandler and John Sweller},
  title = {The Expertise Reversal Effect},
  journal = {Educational Psychologist},
  volume = {38},
  number = {1},
  pages = {23--31},
  year = {2003},
  month = {Mar},
  publisher = {Informa {UK} Limited},
  doi = {10.1207/s15326985ep3801\_4},
  link = {https://doi.org/10.1207/s15326985ep3801\_4}
}

@article{Kaly2007,
  doi = {10.1007/s10648-007-9054-3},
  url = {https://doi.org/10.1007/s10648-007-9054-3},
  year  = {2007},
  month = {Sep},
  publisher = {Springer Nature},
  volume = {19},
  number = {4},
  pages = {509--539},
  author = {Slava Kalyuga},
  title = {Expertise Reversal Effect and Its Implications for Learner-Tailored Instruction},
  journal = {Educational Psychology Review}
}

@article{Kang2016,
  author = {Sean H. K. Kang},
  title = {Spaced Repetition Promotes Efficient and Effective Learning},
  journal = {Policy Insights from the Behavioral and Brain Sciences},
  volume = {3},
  number = {1},
  pages = {12--19},
  year = {2016},
  month = {Jan},
  publisher = {{SAGE} Publications},
  doi = {10.1177/2372732215624708},
  link = {https://doi.org/10.1177/2372732215624708}
}

@article{Karp2008,
  author = {Jeffrey D. Karpicke and Henry L. Roediger},
  title = {The Critical Importance of Retrieval for Learning},
  journal = {Science},
  volume = {319},
  number = {5865},
  pages = {966--968},
  year = {2008},
  month = {Feb},
  publisher = {American Association for the Advancement of Science ({AAAS})},
  doi = {10.1126/science.1152408},
  link = {https://doi.org/10.1126/science.1152408}
}

@comment{LLL}

@article{Lach2018,
  author = {Michael Lachney},
  title = {Computational Communities: {African-American} Cultural Capital in Computer Science Education},
  journal = {Computer Science Education},
  pages = {1--22},
  year = {2018},
  month = {Feb},
  publisher = {Informa {UK} Limited},
  doi = {10.1080/08993408.2018.1429062},
  link = {https://doi.org/10.1080/08993408.2018.1429062}
}

@book{Lang2013,
  author = {James M. Lang},
  title = {Cheating Lessons: Learning from Academic Dishonesty},
  year = {2013},
  publisher = {Harvard University Press},
  isbn = {0674724631},
  link = {https://isbndb.com/book/0674724631}
}

@book{Lang2016,
  author = {James M. Lang},
  title = {Small Teaching: Everyday Lessons from the Science of Learning},
  year = {2016},
  publisher = {Jossey-Bass},
  isbn = {9781118944493},
  link = {https://isbndb.com/book/9781118944493}
}

@book{Litt2004,
  author = {Dennis Littky},
  title = {The Big Picture: Education Is Everyone's Business},
  year = {2004},
  publisher = {Association for Supervision \& Curriculum Development ({ASCD})},
  isbn = {0871209713},
  link = {https://isbndb.com/book/0871209713},
  note = {Essays on the purpose of education and how to make schools better.}
}

@article{Lyst1997,
  author = {Roy Lyster and Leila Ranta},
  title = {Corrective Feedback and Learner Uptake: Negotiation of Form in Communicative Classrooms},
  journal = {Studies in Second Language Acquisition},
  year = {1997},
  month = {Mar},
  volume = {19},
  number = {1},
  pages = {37--66}
}

@comment{MMM}

@book{Majo2015,
  author = {Claire Howell Major and Michael S. Harris and Tod Zakrajsek},
  title = {Teaching for Learning: 101 Intentionally Designed Educational Activities to Put Students on the Path to Success},
  year = {2015},
  publisher = {Routledge},
  isbn = {0415699363},
  link = {https://isbndb.com/book/9780415699365}
}

@article{Mark2018,
  author = {Rebecca A. Markovits and Yana Weinstein},
  title = {Can Cognitive Processes Help Explain the Success of Instructional Techniques Recommended by Behavior Analysts?},
  journal = {{NPJ} Science of Learning},
  volume = {3},
  number = {1},
  year = {2018},
  month = {Jan},
  publisher = {Springer Nature},
  doi = {10.1038/s41539-017-0018-1},
  link = {https://doi.org/10.1038/s41539-017-0018-1}
}

@article{Maye2003,
  author = {Richard E. Mayer and Roxana Moreno},
  title = {Nine Ways to Reduce Cognitive Load in Multimedia Learning},
  journal = {Educational Psychologist},
  volume = {38},
  number = {1},
  pages = {43--52},
  year = {2003},
  month = {Mar},
  publisher = {Informa {UK} Limited},
  doi = {10.1207/s15326985ep3801\_6},
  link = {https://doi.org/10.1207/s15326985ep3801\_6}
}

@book{Maye2009,
  author = {Richard E. Mayer},
  title = {Multimedia Learning},
  edition = {Second},
  year = {2009},
  publisher = {Cambridge University Press},
  isbn = {9780521735353},
  link = {https://isbndb.com/book/9780521735353}
}

@article{Metc2016,
  author = {Janet Metcalfe},
  title = {Learning from Errors},
  journal = {Annual Review of Psychology},
  volume = {68},
  number = {1},
  pages = {465--489},
  year = {2016},
  month = {Jan},
  publisher = {Annual Reviews},
  doi = {10.1146/annurev-psych-010416-044022},
  link = {https://doi.org/10.1146/annurev-psych-010416-044022}
}

@article{Mill1956,
  author = {George A. Miller},
  title = {The Magical Number Seven, Plus or Minus Two: Some Limits on Our Capacity for Processing Information},
  journal = {Psychological Review},
  volume = {63},
  number = {2},
  pages = {81--97},
  year = {1956},
  publisher = {American Psychological Association ({APA})},
  doi = {10.1037/h0043158},
  link = {https://doi.org/10.1037/h0043158}
}

@book{Mill2016,
  author = {Michelle D. Miller},
  title = {Minds Online: Teaching Effectively with Technology},
  year = {2016},
  publisher = {Harvard University Press},
  isbn = {0674660021},
  link = {https://isbndb.com/book/0674660021}
}

@article{Miya2018,
  author = {Toshiya Miyatsu and Khuyen Nguyen and Mark A. McDaniel},
  title = {Five Popular Study Strategies: Their Pitfalls and Optimal Implementations},
  journal = {Perspectives on Psychological Science},
  volume = {13},
  number = {3},
  pages = {390--407},
  year = {2018},
  month = {May},
  publisher = {{SAGE} Publications},
  doi = {10.1177/1745691617710510},
  link = {https://doi.org/10.1177/1745691617710510}
}

@comment{NNN}

@book{Nuth2007,
  author = {Graham Nuthall},
  title = {The Hidden Lives of Learners},
  year = {2007},
  publisher = {{NZCER} Press},
  isbn = {1877398241}
}

@comment{OOO}

@comment{PPP}

@article{Paas2003,
  doi = {10.1207/s15326985ep3801\_1},
  url = {https://doi.org/10.1207/s15326985ep3801\_1},
  year  = {2003},
  month = {Mar},
  publisher = {Informa {UK} Limited},
  volume = {38},
  number = {1},
  pages = {1--4},
  author = {Fred Paas and Alexander Renkl and John Sweller},
  title = {Cognitive Load Theory and Instructional Design: Recent Developments},
  journal = {Educational Psychologist}
}

@inproceedings{Pars2006,
  author = {Dale Parsons and Patricia Haden},
  title = {{Parson's} Programming Puzzles: A Fun and Effective Learning Tool for First Programming Courses},
  booktitle = {Proc.\ 2006 Australasian Conference on Computing Education ({ACE'06})},
  pages = {157--163},
  year = {2006},
  publisher = {Australian Computer Society},
  link = {https://dl.acm.org/citation.cfm?id=1151869.1151890}
}

@inproceedings{Port2016,
  author = {Leo Porter and Dennis Bouvier and Quintin Cutts and Scott Grissom and Cynthia Bailey Lee and Robert McCartney and Daniel Zingaro and Beth Simon},
  title = {A Multi-Institutional Study of Peer Instruction in Introductory Computing},
  booktitle = {Proc.\ 2016 Technical Symposium on Computer Science Education ({SIGCSE'16})},
  year = {2016},
  publisher = {Association for Computing Machinery ({ACM})},
  doi = {10.1145/2839509.2844642},
  link = {https://doi.org/10.1145/2839509.2844642}
}

@comment{QQQ}

@comment{RRR}

@article{Raws2014,
  author = {Katherine A. Rawson and Ruthann C. Thomas and Larry L. Jacoby},
  title = {The Power of Examples: Illustrative Examples Enhance Conceptual Learning of Declarative Concepts},
  journal = {Educational Psychology Review},
  volume = {27},
  number = {3},
  pages = {483--504},
  year = {2014},
  month = {Jun},
  publisher = {Springer Nature},
  doi = {10.1007/s10648-014-9273-3},
  link = {https://doi.org/10.1007/s10648-014-9273-3}
}

@book{Rice2018,
  author = {Gail Taylor Rice},
  title = {Hitting Pause: 65 Lecture Breaks to Refresh and Reinforce Learning},
  year = {2018},
  publisher = {Stylus Publishing},
  isbn = {9781620366530},
  link = {https://isbndb.com/book/9781620366530}
}

@article{Rohr2015,
  author = {Doug Rohrer and Robert F. Dedrick and Sandra Stershic},
  title = {Interleaved Practice Improves Mathematics Learning},
  journal = {Journal of Educational Psychology},
  volume = {107},
  number = {3},
  pages = {900--908},
  year = {2015},
  publisher = {American Psychological Association ({APA})},
  doi = {10.1037/edu0000001},
  link = {https://doi.org/10.1037/edu0000001}
}

@comment{SSS}

@article{Schw2009,
  doi = {10.1016/j.chb.2008.12.011},
  url = {https://doi.org/10.1016/j.chb.2008.12.011},
  year  = {2009},
  month = {Mar},
  publisher = {Elsevier {BV}},
  volume = {25},
  number = {2},
  pages = {258--266},
  author = {Rolf Schwonke and Alexander Renkl and Carmen Krieg and J\"{o}rg Wittwer and Vincent Aleven and Ron Salden},
  title = {The worked-example effect: Not an artefact of lousy control conditions},
  journal = {Computers in Human Behavior}
}

@article{Smit2009,
  author = {Michelle K. Smith and William B. Wood and Wendy K. Adams and Carl E. Wieman and Jennifer K. Knight and N. Guild and T. T. Su},
  title = {Why Peer Discussion Improves Student Performance on In-class Concept Questions},
  journal = {Science},
  volume = {323},
  number = {5910},
  pages = {122--124},
  year = {2009},
  month = {Jan},
  publisher = {American Association for the Advancement of Science ({AAAS})},
  doi = {10.1126/science.1165919},
  link = {https://doi.org/10.1126/science.1165919}
}

@comment{TTT}

@comment{UUU}

@comment{VVV}

@article{Vick2015,
  doi = {10.1187/cbe.14-11-0198},
  url = {https://doi.org/10.1187/cbe.14-11-0198},
  year  = {2015},
  month = {Mar},
  publisher = {American Society for Cell Biology ({ASCB})},
  volume = {14},
  number = {1},
  author = {Trisha Vickrey and Kaitlyn Rosploch and Reihaneh Rahmanian and Matthew Pilarz and Marilyne Stains},
  title = {Research-Based Implementation of Peer Instruction: A Literature Review},
  journal = {{CBE}--Life Sciences Education}
}

@comment{WWW}

@article{Wein2018a,
  author = {Yana Weinstein and Christopher R. Madan and Megan A. Sumeracki},
  title = {Teaching the Science of Learning},
  journal = {Cognitive Research: Principles and Implications},
  volume = {3},
  number = {1},
  year = {2018},
  month = {Jan},
  publisher = {Springer Nature},
  doi = {10.1186/s41235-017-0087-y},
  link = {https://doi.org/10.1186/s41235-017-0087-y}
}

@book{Wein2018b,
  author = {Yana Weinstein and Megan Sumeracki and Oliver Caviglioli},
  title = {Understanding How We Learn: A Visual Guide},
  publisher = {Routledge},
  year = {2018},
  isbn = {978-1138561724}
}

@book{Wigg2005,
  author = {Grant Wiggins and Jay McTighe},
  title = {Understanding by Design},
  year = {2005},
  publisher = {Association for Supervision \& Curriculum Development ({ASCD})},
  isbn = {1416600353},
  link = {https://isbndb.com/book/1416600353}
}

@book{Wilk2011,
  author = {Richard Wilkinson and Kate Pickett},
  title = {The Spirit Level: Why Greater Equality Makes Societies Stronger},
  publisher = {Bloomsbury Press},
  year = {2011},
  isbn = {978-1608193417}
}

@article{Wils2016,
  DOI = {10.12688/f1000research.3-62.v2},
  URL = {http://dx.doi.org/10.12688/f1000research.3-62.v2},
  year = {2016},
  month = {Jan},
  publisher = {F1000 Research, Ltd.},
  author = {Greg Wilson},
  title = {Software Carpentry: Lessons Learned},
  journal = {{F1000Research}}
}

@book{Wils2018,
  author = {Greg Wilson},
  title = {Teaching Tech Together},
  publisher = {Lulu},
  year = {2018},
  isbn = {978-0988113701},
  link = {http://teachtogether.tech}
}

@book{Wlod2017,
  author = {Raymond J. Wlodkowski and Margery B. Ginsberg},
  title = {Enhancing Adult Motivation to Learn: A Comprehensive Guide for Teaching All Adults},
  year = {2017},
  publisher = {Jossey-Bass},
  isbn = {1119077990},
  link = {https://isbndb.com/book/1119077990}
}

@comment{XXX}

@comment{YYY}

@comment{ZZZ}
